@ARTICLE{conf:swat, 
 author = "XX", 
 title= "Reference 1",
 year = "2015"
}

@ARTICLE\bibitem{article:hmi, 
author = "YY", 
title = "Reference 2",
year = 2014
}

